%% This BibTeX bibliography file was created using BibDesk.
%% http://bibdesk.sourceforge.net/


%% Created for Dominik Peuscher at 2014-01-15 20:35:48 +0100 


%% Saved with string encoding Unicode (UTF-8) 



@techreport{Brand-ATerms-2000,
	Author = {Mark van den Brand and Jong, Hayco A. and Klint, Paul and Olivier, Pieter A.},
	Date-Added = {2014-01-15 14:35:48 +0000},
	Date-Modified = {2014-01-15 14:38:14 +0000},
	Institution = {CWI (Centre for Mathematics and Computer Science), University of Amsterdam},
	Title = {Efficient Annotated Terms},
	Year = {2000},
	Bdsk-File-1 = {YnBsaXN0MDDUAQIDBAUGJCVYJHZlcnNpb25YJG9iamVjdHNZJGFyY2hpdmVyVCR0b3ASAAGGoKgHCBMUFRYaIVUkbnVsbNMJCgsMDxJXTlMua2V5c1pOUy5vYmplY3RzViRjbGFzc6INDoACgAOiEBGABIAFgAdccmVsYXRpdmVQYXRoWWFsaWFzRGF0YV8QGS4uLy4uL0Rvd25sb2Fkcy9TUEUwMC5wZGbSFwsYGVdOUy5kYXRhTxEBfgAAAAABfgACAAAMTWFjaW50b3NoIEhEAAAAAAAAAAAAAAAAAAAAznYAoEgrAAAABup/CVNQRTAwLnBkZgAAAAAAAAAAAAAAAAAAAAAAAAAAAAAAAAAAAAAAAAAAAAAAAAAAAAAAAAAAAAAAAAAAAAAAAABsiRzO/FsNAAAAAAAAAAAAAgACAAAJIAAAAAAAAAAAAAAAAAAAAAlEb3dubG9hZHMAABAACAAAznXkgAAAABEACAAAzvxM/QAAAAEADAAG6n8ABup8AAJkkQACADlNYWNpbnRvc2ggSEQ6VXNlcnM6AGRvbWluaWtwZXVzY2hlcjoARG93bmxvYWRzOgBTUEUwMC5wZGYAAA4AFAAJAFMAUABFADAAMAAuAHAAZABmAA8AGgAMAE0AYQBjAGkAbgB0AG8AcwBoACAASABEABIAKVVzZXJzL2RvbWluaWtwZXVzY2hlci9Eb3dubG9hZHMvU1BFMDAucGRmAAATAAEvAAAVAAIAFv//AACABtIbHB0eWiRjbGFzc25hbWVYJGNsYXNzZXNdTlNNdXRhYmxlRGF0YaMdHyBWTlNEYXRhWE5TT2JqZWN00hscIiNcTlNEaWN0aW9uYXJ5oiIgXxAPTlNLZXllZEFyY2hpdmVy0SYnVHJvb3SAAQAIABEAGgAjAC0AMgA3AEAARgBNAFUAYABnAGoAbABuAHEAcwB1AHcAhACOAKoArwC3AjkCOwJAAksCVAJiAmYCbQJ2AnsCiAKLAp0CoAKlAAAAAAAAAgEAAAAAAAAAKAAAAAAAAAAAAAAAAAAAAqc=}}

@inproceedings{Wehr-JavaGI-2007,
	Author = {Stefan Wehr and Ralf L{\"a}mmel and Peter Thiemann},
	Booktitle = {ECOOP '07},
	Date-Added = {2014-01-14 12:15:02 +0000},
	Date-Modified = {2014-01-14 12:15:46 +0000},
	Title = {JavaGI: Generalized interfaces for java},
	Year = {2007},
	Bdsk-File-1 = {YnBsaXN0MDDUAQIDBAUGJCVYJHZlcnNpb25YJG9iamVjdHNZJGFyY2hpdmVyVCR0b3ASAAGGoKgHCBMUFRYaIVUkbnVsbNMJCgsMDxJXTlMua2V5c1pOUy5vYmplY3RzViRjbGFzc6INDoACgAOiEBGABIAFgAdccmVsYXRpdmVQYXRoWWFsaWFzRGF0YV8QJi4uLy4uL0Rvd25sb2Fkcy9kOTEyZjUwZGFlOTI0YjU3YmUucGRm0hcLGBlXTlMuZGF0YU8RAbAAAAAAAbAAAgAADE1hY2ludG9zaCBIRAAAAAAAAAAAAAAAAAAAAM52AKBIKwAAAAbqfxZkOTEyZjUwZGFlOTI0YjU3YmUucGRmAAAAAAAAAAAAAAAAAAAAAAAAAAAAAAAAAAAAAAAAAAAAAAAAAAAAAAAAbBd+zvrm3QAAAAAAAAAAAAIAAgAACSAAAAAAAAAAAAAAAAAAAAAJRG93bmxvYWRzAAAQAAgAAM515IAAAAARAAgAAM762M0AAAABAAwABup/AAbqfAACZJEAAgBGTWFjaW50b3NoIEhEOlVzZXJzOgBkb21pbmlrcGV1c2NoZXI6AERvd25sb2FkczoAZDkxMmY1MGRhZTkyNGI1N2JlLnBkZgAOAC4AFgBkADkAMQAyAGYANQAwAGQAYQBlADkAMgA0AGIANQA3AGIAZQAuAHAAZABmAA8AGgAMAE0AYQBjAGkAbgB0AG8AcwBoACAASABEABIANlVzZXJzL2RvbWluaWtwZXVzY2hlci9Eb3dubG9hZHMvZDkxMmY1MGRhZTkyNGI1N2JlLnBkZgATAAEvAAAVAAIAFv//AACABtIbHB0eWiRjbGFzc25hbWVYJGNsYXNzZXNdTlNNdXRhYmxlRGF0YaMdHyBWTlNEYXRhWE5TT2JqZWN00hscIiNcTlNEaWN0aW9uYXJ5oiIgXxAPTlNLZXllZEFyY2hpdmVy0SYnVHJvb3SAAQAIABEAGgAjAC0AMgA3AEAARgBNAFUAYABnAGoAbABuAHEAcwB1AHcAhACOALcAvADEAngCegJ/AooCkwKhAqUCrAK1AroCxwLKAtwC3wLkAAAAAAAAAgEAAAAAAAAAKAAAAAAAAAAAAAAAAAAAAuY=}}

@inproceedings{Erdweg-Questionnaire-2013,
	Author = {Sebastian Erdweg},
	Booktitle = {Language Workbench Challenge (LWC)},
	Date-Added = {2014-01-13 23:17:50 +0000},
	Date-Modified = {2014-01-13 23:20:25 +0000},
	Title = {Embedding a Questionnaire DSL with SugarJ},
	Year = {2013},
	Bdsk-File-1 = {YnBsaXN0MDDUAQIDBAUGJCVYJHZlcnNpb25YJG9iamVjdHNZJGFyY2hpdmVyVCR0b3ASAAGGoKgHCBMUFRYaIVUkbnVsbNMJCgsMDxJXTlMua2V5c1pOUy5vYmplY3RzViRjbGFzc6INDoACgAOiEBGABIAFgAdccmVsYXRpdmVQYXRoWWFsaWFzRGF0YV8QJy4uLy4uL0Rvd25sb2Fkcy9FcmR3ZWdTdWdhckpMV0MyMDEzLnBkZtIXCxgZV05TLmRhdGFPEQG2AAAAAAG2AAIAAAxNYWNpbnRvc2ggSEQAAAAAAAAAAAAAAAAAAADOdgCgSCsAAAAG6n8XRXJkd2VnU3VnYXJKTFdDMjAxMy5wZGYAAAAAAAAAAAAAAAAAAAAAAAAAAAAAAAAAAAAAAAAAAAAAAAAAAAAAAGt7p876Mt0AAAAAAAAAAAACAAIAAAkgAAAAAAAAAAAAAAAAAAAACURvd25sb2FkcwAAEAAIAADOdeSAAAAAEQAIAADO+iTNAAAAAQAMAAbqfwAG6nwAAmSRAAIAR01hY2ludG9zaCBIRDpVc2VyczoAZG9taW5pa3BldXNjaGVyOgBEb3dubG9hZHM6AEVyZHdlZ1N1Z2FySkxXQzIwMTMucGRmAAAOADAAFwBFAHIAZAB3AGUAZwBTAHUAZwBhAHIASgBMAFcAQwAyADAAMQAzAC4AcABkAGYADwAaAAwATQBhAGMAaQBuAHQAbwBzAGgAIABIAEQAEgA3VXNlcnMvZG9taW5pa3BldXNjaGVyL0Rvd25sb2Fkcy9FcmR3ZWdTdWdhckpMV0MyMDEzLnBkZgAAEwABLwAAFQACABb//wAAgAbSGxwdHlokY2xhc3NuYW1lWCRjbGFzc2VzXU5TTXV0YWJsZURhdGGjHR8gVk5TRGF0YVhOU09iamVjdNIbHCIjXE5TRGljdGlvbmFyeaIiIF8QD05TS2V5ZWRBcmNoaXZlctEmJ1Ryb290gAEACAARABoAIwAtADIANwBAAEYATQBVAGAAZwBqAGwAbgBxAHMAdQB3AIQAjgC4AL0AxQJ/AoEChgKRApoCqAKsArMCvALBAs4C0QLjAuYC6wAAAAAAAAIBAAAAAAAAACgAAAAAAAAAAAAAAAAAAALt}}

@misc{Foster-Rupiah-2001,
	Author = {John N. Foster},
	Date-Added = {2014-01-13 18:32:21 +0000},
	Date-Modified = {2014-01-13 19:07:11 +0000},
	Title = {Rupiah: Towards an Expressive Static Type System for Java},
	Year = {2001},
	Bdsk-File-1 = {YnBsaXN0MDDUAQIDBAUGJCVYJHZlcnNpb25YJG9iamVjdHNZJGFyY2hpdmVyVCR0b3ASAAGGoKgHCBMUFRYaIVUkbnVsbNMJCgsMDxJXTlMua2V5c1pOUy5vYmplY3RzViRjbGFzc6INDoACgAOiEBGABIAFgAdccmVsYXRpdmVQYXRoWWFsaWFzRGF0YV8QIy4uLy4uL0Rvd25sb2Fkcy93aWxsaWFtcy10aGVzaXMucGRm0hcLGBlXTlMuZGF0YU8RAaYAAAAAAaYAAgAADE1hY2ludG9zaCBIRAAAAAAAAAAAAAAAAAAAAM52AKBIKwAAAAbqfxN3aWxsaWFtcy10aGVzaXMucGRmAAAAAAAAAAAAAAAAAAAAAAAAAAAAAAAAAAAAAAAAAAAAAAAAAAAAAAAAAAAAa2c2zvntawAAAAAAAAAAAAIAAgAACSAAAAAAAAAAAAAAAAAAAAAJRG93bmxvYWRzAAAQAAgAAM515IAAAAARAAgAAM7531sAAAABAAwABup/AAbqfAACZJEAAgBDTWFjaW50b3NoIEhEOlVzZXJzOgBkb21pbmlrcGV1c2NoZXI6AERvd25sb2FkczoAd2lsbGlhbXMtdGhlc2lzLnBkZgAADgAoABMAdwBpAGwAbABpAGEAbQBzAC0AdABoAGUAcwBpAHMALgBwAGQAZgAPABoADABNAGEAYwBpAG4AdABvAHMAaAAgAEgARAASADNVc2Vycy9kb21pbmlrcGV1c2NoZXIvRG93bmxvYWRzL3dpbGxpYW1zLXRoZXNpcy5wZGYAABMAAS8AABUAAgAW//8AAIAG0hscHR5aJGNsYXNzbmFtZVgkY2xhc3Nlc11OU011dGFibGVEYXRhox0fIFZOU0RhdGFYTlNPYmplY3TSGxwiI1xOU0RpY3Rpb25hcnmiIiBfEA9OU0tleWVkQXJjaGl2ZXLRJidUcm9vdIABAAgAEQAaACMALQAyADcAQABGAE0AVQBgAGcAagBsAG4AcQBzAHUAdwCEAI4AtAC5AMECawJtAnICfQKGApQCmAKfAqgCrQK6Ar0CzwLSAtcAAAAAAAACAQAAAAAAAAAoAAAAAAAAAAAAAAAAAAAC2Q==}}

@article{Bruce-Typing-2003,
	Author = {Kim B. Bruce},
	Date-Added = {2014-01-13 17:29:53 +0000},
	Date-Modified = {2014-01-13 17:32:10 +0000},
	Institution = {Department of Computer Science Williams College},
	Journal = {Electronic Notes in Theoretical Computer Science},
	Number = {8},
	Pages = {1-29},
	Title = {Some Challenging Typing Issues in Object-Oriented Languages: Extended Abstract},
	Volume = {82},
	Year = {2003},
	Bdsk-File-1 = {YnBsaXN0MDDUAQIDBAUGJCVYJHZlcnNpb25YJG9iamVjdHNZJGFyY2hpdmVyVCR0b3ASAAGGoKgHCBMUFRYaIVUkbnVsbNMJCgsMDxJXTlMua2V5c1pOUy5vYmplY3RzViRjbGFzc6INDoACgAOiEBGABIAFgAdccmVsYXRpdmVQYXRoWWFsaWFzRGF0YV8QGC4uLy4uL0Rvd25sb2Fkcy9XT09ELnBkZtIXCxgZV05TLmRhdGFPEQF4AAAAAAF4AAIAAAxNYWNpbnRvc2ggSEQAAAAAAAAAAAAAAAAAAADOdgCgSCsAAAAG6n8IV09PRC5wZGYAAAAAAAAAAAAAAAAAAAAAAAAAAAAAAAAAAAAAAAAAAAAAAAAAAAAAAAAAAAAAAAAAAAAAAAAAAGtiOs754RsAAAAAAAAAAAACAAIAAAkgAAAAAAAAAAAAAAAAAAAACURvd25sb2FkcwAAEAAIAADOdeSAAAAAEQAIAADO+dMLAAAAAQAMAAbqfwAG6nwAAmSRAAIAOE1hY2ludG9zaCBIRDpVc2VyczoAZG9taW5pa3BldXNjaGVyOgBEb3dubG9hZHM6AFdPT0QucGRmAA4AEgAIAFcATwBPAEQALgBwAGQAZgAPABoADABNAGEAYwBpAG4AdABvAHMAaAAgAEgARAASAChVc2Vycy9kb21pbmlrcGV1c2NoZXIvRG93bmxvYWRzL1dPT0QucGRmABMAAS8AABUAAgAW//8AAIAG0hscHR5aJGNsYXNzbmFtZVgkY2xhc3Nlc11OU011dGFibGVEYXRhox0fIFZOU0RhdGFYTlNPYmplY3TSGxwiI1xOU0RpY3Rpb25hcnmiIiBfEA9OU0tleWVkQXJjaGl2ZXLRJidUcm9vdIABAAgAEQAaACMALQAyADcAQABGAE0AVQBgAGcAagBsAG4AcQBzAHUAdwCEAI4AqQCuALYCMgI0AjkCRAJNAlsCXwJmAm8CdAKBAoQClgKZAp4AAAAAAAACAQAAAAAAAAAoAAAAAAAAAAAAAAAAAAACoA==}}

@techreport{Reynolds-Abstraction-1975,
	Author = {John C. Reynolds},
	Date-Added = {2014-01-13 14:20:10 +0000},
	Date-Modified = {2014-01-13 14:21:21 +0000},
	Institution = {Carnegie Mellon University},
	Title = {User-defined Types and Procedural Data Structures as Complementary Approaches to Data Abstraction},
	Year = {1975},
	Bdsk-File-1 = {YnBsaXN0MDDUAQIDBAUGJCVYJHZlcnNpb25YJG9iamVjdHNZJGFyY2hpdmVyVCR0b3ASAAGGoKgHCBMUFRYaIVUkbnVsbNMJCgsMDxJXTlMua2V5c1pOUy5vYmplY3RzViRjbGFzc6INDoACgAOiEBGABIAFgAdccmVsYXRpdmVQYXRoWWFsaWFzRGF0YV8QVS4uLy4uL0Rvd25sb2Fkcy9Vc2VyLWRlZmluZWQgVHlwZXMgYW5kIFByb2NlZHVyYWwgRGF0YSBTdHJ1Y3R1cmVzIGFzIENvbXBsZW1lbnRhci5wZGbSFwsYGVdOUy5kYXRhTxECSAAAAAACSAACAAAMTWFjaW50b3NoIEhEAAAAAAAAAAAAAAAAAAAAznYAoEgrAAAABup/H1VzZXItZGVmaW5lZCBUeXBlcyBhIzZCNEJFNy5wZGYAAAAAAAAAAAAAAAAAAAAAAAAAAAAAAAAAAAAAAAAAAABrS+fO+bSlAAAAAAAAAAAAAgACAAAJIAAAAAAAAAAAAAAAAAAAAAlEb3dubG9hZHMAABAACAAAznXkgAAAABEACAAAzvmmlQAAAAEADAAG6n8ABup8AAJkkQACAE9NYWNpbnRvc2ggSEQ6VXNlcnM6AGRvbWluaWtwZXVzY2hlcjoARG93bmxvYWRzOgBVc2VyLWRlZmluZWQgVHlwZXMgYSM2QjRCRTcucGRmAAAOAIwARQBVAHMAZQByAC0AZABlAGYAaQBuAGUAZAAgAFQAeQBwAGUAcwAgAGEAbgBkACAAUAByAG8AYwBlAGQAdQByAGEAbAAgAEQAYQB0AGEAIABTAHQAcgB1AGMAdAB1AHIAZQBzACAAYQBzACAAQwBvAG0AcABsAGUAbQBlAG4AdABhAHIALgBwAGQAZgAPABoADABNAGEAYwBpAG4AdABvAHMAaAAgAEgARAASAGVVc2Vycy9kb21pbmlrcGV1c2NoZXIvRG93bmxvYWRzL1VzZXItZGVmaW5lZCBUeXBlcyBhbmQgUHJvY2VkdXJhbCBEYXRhIFN0cnVjdHVyZXMgYXMgQ29tcGxlbWVudGFyLnBkZgAAEwABLwAAFQACABb//wAAgAbSGxwdHlokY2xhc3NuYW1lWCRjbGFzc2VzXU5TTXV0YWJsZURhdGGjHR8gVk5TRGF0YVhOU09iamVjdNIbHCIjXE5TRGljdGlvbmFyeaIiIF8QD05TS2V5ZWRBcmNoaXZlctEmJ1Ryb290gAEACAARABoAIwAtADIANwBAAEYATQBVAGAAZwBqAGwAbgBxAHMAdQB3AIQAjgDmAOsA8wM/A0EDRgNRA1oDaANsA3MDfAOBA44DkQOjA6YDqwAAAAAAAAIBAAAAAAAAACgAAAAAAAAAAAAAAAAAAAOt}}

@inproceedings{Torgersen-Expression-2004,
	Author = {Mads Torgersen},
	Booktitle = {ECOOP '04},
	Date-Added = {2014-01-13 14:10:40 +0000},
	Date-Modified = {2014-01-13 14:11:54 +0000},
	Pages = {123-143},
	Title = {The Expression Problem Revisited},
	Year = {2004},
	Bdsk-File-1 = {YnBsaXN0MDDUAQIDBAUGJCVYJHZlcnNpb25YJG9iamVjdHNZJGFyY2hpdmVyVCR0b3ASAAGGoKgHCBMUFRYaIVUkbnVsbNMJCgsMDxJXTlMua2V5c1pOUy5vYmplY3RzViRjbGFzc6INDoACgAOiEBGABIAFgAdccmVsYXRpdmVQYXRoWWFsaWFzRGF0YV8QFy4uLy4uLy5UcmFzaC9tYWluLTIucGRm0hcLGBlXTlMuZGF0YU8RAXgAAAAAAXgAAgAADE1hY2ludG9zaCBIRAAAAAAAAAAAAAAAAAAAAM52AKBIKwAAAAbywQptYWluLTIucGRmAAAAAAAAAAAAAAAAAAAAAAAAAAAAAAAAAAAAAAAAAAAAAAAAAAAAAAAAAAAAAAAAAAAAAAAAa0sWzvmy2wAAAAAAAAAAAAIAAgAACSAAAAAAAAAAAAAAAAAAAAAGLlRyYXNoABAACAAAznXkgAAAABEACAAAzvmkywAAAAEADAAG8sEABup8AAJkkQACADdNYWNpbnRvc2ggSEQ6VXNlcnM6AGRvbWluaWtwZXVzY2hlcjoALlRyYXNoOgBtYWluLTIucGRmAAAOABYACgBtAGEAaQBuAC0AMgAuAHAAZABmAA8AGgAMAE0AYQBjAGkAbgB0AG8AcwBoACAASABEABIAJ1VzZXJzL2RvbWluaWtwZXVzY2hlci8uVHJhc2gvbWFpbi0yLnBkZgAAEwABLwAAFQACABb//wAAgAbSGxwdHlokY2xhc3NuYW1lWCRjbGFzc2VzXU5TTXV0YWJsZURhdGGjHR8gVk5TRGF0YVhOU09iamVjdNIbHCIjXE5TRGljdGlvbmFyeaIiIF8QD05TS2V5ZWRBcmNoaXZlctEmJ1Ryb290gAEACAARABoAIwAtADIANwBAAEYATQBVAGAAZwBqAGwAbgBxAHMAdQB3AIQAjgCoAK0AtQIxAjMCOAJDAkwCWgJeAmUCbgJzAoACgwKVApgCnQAAAAAAAAIBAAAAAAAAACgAAAAAAAAAAAAAAAAAAAKf}}

@misc{Peuscher-GitHub-EP-2014,
	Author = {Dominik Peuscher},
	Date-Added = {2014-01-10 20:09:00 +0000},
	Date-Modified = {2014-01-10 20:11:25 +0000},
	Howpublished = {\url{https://github.com/dpeuscher/sugarJExpressionProblem}},
	Title = {Code and examples of Syntax Extension Solving Expression Problem with SugarJ},
	Year = {2014}}

@misc{SugarJ-Homepage,
	Date-Added = {2014-01-10 01:22:05 +0000},
	Date-Modified = {2014-01-10 02:01:15 +0000},
	Howpublished = {\url{http://www.informatik.uni-marburg.de/~seba/projects/sugarj/}},
	Lastchecked = {2014},
	Title = {SugarJ - Library-based Language Extensibility},
	Url = {http://www.informatik.uni-marburg.de/~seba/projects/sugarj/},
	Bdsk-Url-1 = {http://www.informatik.uni-marburg.de/~seba/projects/sugarj/}}

@manual{Stratego-Manual,
	Address = {\url{http://releases.strategoxt.org/strategoxt-manual/unstable/manual/chunk-chapter/}},
	Date-Added = {2014-01-10 00:57:10 +0000},
	Date-Modified = {2014-01-10 02:00:43 +0000},
	Title = {Stratego/XT Manual}}

@manual{Brand-SDF-2007,
	Address = {\url{http://homepages.cwi.nl/~daybuild/daily-books/syntax/2-sdf/sdf.html}},
	Author = {Mark van den Brand, Paul Klint, Jurgen Vinju},
	Date-Added = {2014-01-10 00:51:18 +0000},
	Date-Modified = {2014-01-10 02:02:20 +0000},
	Month = {May},
	Title = {The Syntax Definition Formalism SDF},
	Year = {2007},
	Bdsk-File-1 = {YnBsaXN0MDDUAQIDBAUGJCVYJHZlcnNpb25YJG9iamVjdHNZJGFyY2hpdmVyVCR0b3ASAAGGoKgHCBMUFRYaIVUkbnVsbNMJCgsMDxJXTlMua2V5c1pOUy5vYmplY3RzViRjbGFzc6INDoACgAOiEBGABIAFgAdccmVsYXRpdmVQYXRoWWFsaWFzRGF0YV8QFy4uLy4uL0Rvd25sb2Fkcy9zZGYucGRm0hcLGBlXTlMuZGF0YU8RAXYAAAAAAXYAAgAADE1hY2ludG9zaCBIRAAAAAAAAAAAAAAAAAAAAM52AKBIKwAAAAbqfwdzZGYucGRmAAAAAAAAAAAAAAAAAAAAAAAAAAAAAAAAAAAAAAAAAAAAAAAAAAAAAAAAAAAAAAAAAAAAAAAAAAAAbBpSzvrtoQAAAAAAAAAAAAIAAgAACSAAAAAAAAAAAAAAAAAAAAAJRG93bmxvYWRzAAAQAAgAAM515IAAAAARAAgAAM7635EAAAABAAwABup/AAbqfAACZJEAAgA3TWFjaW50b3NoIEhEOlVzZXJzOgBkb21pbmlrcGV1c2NoZXI6AERvd25sb2FkczoAc2RmLnBkZgAADgAQAAcAcwBkAGYALgBwAGQAZgAPABoADABNAGEAYwBpAG4AdABvAHMAaAAgAEgARAASACdVc2Vycy9kb21pbmlrcGV1c2NoZXIvRG93bmxvYWRzL3NkZi5wZGYAABMAAS8AABUAAgAW//8AAIAG0hscHR5aJGNsYXNzbmFtZVgkY2xhc3Nlc11OU011dGFibGVEYXRhox0fIFZOU0RhdGFYTlNPYmplY3TSGxwiI1xOU0RpY3Rpb25hcnmiIiBfEA9OU0tleWVkQXJjaGl2ZXLRJidUcm9vdIABAAgAEQAaACMALQAyADcAQABGAE0AVQBgAGcAagBsAG4AcQBzAHUAdwCEAI4AqACtALUCLwIxAjYCQQJKAlgCXAJjAmwCcQJ+AoECkwKWApsAAAAAAAACAQAAAAAAAAAoAAAAAAAAAAAAAAAAAAACnQ==}}

@misc{Java-SDF-2014,
	Date-Added = {2014-01-10 00:46:41 +0000},
	Date-Modified = {2014-01-10 02:01:26 +0000},
	Howpublished = {\url{https://github.com/seba--/sugarj/blob/master/language-libraries/java/src/org/sugarj/languages/Java-15.def}},
	Lastchecked = {January 2014},
	Title = {Java SDF},
	Url = {https://github.com/seba--/sugarj/blob/master/language-libraries/java/src/org/sugarj/languages/Java-15.def},
	Bdsk-Url-1 = {https://github.com/seba--/sugarj/blob/master/language-libraries/java/src/org/sugarj/languages/Java-15.def}}

@manual{Heering-SDF-1989,
	Author = {J. Heering},
	Date-Added = {2014-01-10 00:37:52 +0000},
	Date-Modified = {2014-01-10 02:02:13 +0000},
	Title = {The syntax definition formalism SDF --Reference Manual--},
	Year = {1989},
	Bdsk-File-1 = {YnBsaXN0MDDUAQIDBAUGJCVYJHZlcnNpb25YJG9iamVjdHNZJGFyY2hpdmVyVCR0b3ASAAGGoKgHCBMUFRYaIVUkbnVsbNMJCgsMDxJXTlMua2V5c1pOUy5vYmplY3RzViRjbGFzc6INDoACgAOiEBGABIAFgAdccmVsYXRpdmVQYXRoWWFsaWFzRGF0YV8QHy4uLy4uL0Rvd25sb2Fkcy9wNDMtaGVlcmluZy5wZGbSFwsYGVdOUy5kYXRhTxEBlgAAAAABlgACAAAMTWFjaW50b3NoIEhEAAAAAAAAAAAAAAAAAAAAznYAoEgrAAAABup/D3A0My1oZWVyaW5nLnBkZgAAAAAAAAAAAAAAAAAAAAAAAAAAAAAAAAAAAAAAAAAAAAAAAAAAAAAAAAAAAAAAAABocjzO9P9kAAAAAAAAAAAAAgACAAAJIAAAAAAAAAAAAAAAAAAAAAlEb3dubG9hZHMAABAACAAAznXkgAAAABEACAAAzvTxVAAAAAEADAAG6n8ABup8AAJkkQACAD9NYWNpbnRvc2ggSEQ6VXNlcnM6AGRvbWluaWtwZXVzY2hlcjoARG93bmxvYWRzOgBwNDMtaGVlcmluZy5wZGYAAA4AIAAPAHAANAAzAC0AaABlAGUAcgBpAG4AZwAuAHAAZABmAA8AGgAMAE0AYQBjAGkAbgB0AG8AcwBoACAASABEABIAL1VzZXJzL2RvbWluaWtwZXVzY2hlci9Eb3dubG9hZHMvcDQzLWhlZXJpbmcucGRmAAATAAEvAAAVAAIAFv//AACABtIbHB0eWiRjbGFzc25hbWVYJGNsYXNzZXNdTlNNdXRhYmxlRGF0YaMdHyBWTlNEYXRhWE5TT2JqZWN00hscIiNcTlNEaWN0aW9uYXJ5oiIgXxAPTlNLZXllZEFyY2hpdmVy0SYnVHJvb3SAAQAIABEAGgAjAC0AMgA3AEAARgBNAFUAYABnAGoAbABuAHEAcwB1AHcAhACOALAAtQC9AlcCWQJeAmkCcgKAAoQCiwKUApkCpgKpArsCvgLDAAAAAAAAAgEAAAAAAAAAKAAAAAAAAAAAAAAAAAAAAsU=}}

@inproceedings{Kats-Spoofax-2010,
	Author = {L. Kats, E. Visser},
	Booktitle = {OOPSLA '10},
	Date-Added = {2014-01-10 00:31:22 +0000},
	Date-Modified = {2014-01-10 00:32:51 +0000},
	Title = {The spoofax language workbench: rules for declarative specification of languages and IDEs},
	Year = {2010},
	Bdsk-File-1 = {YnBsaXN0MDDUAQIDBAUGJCVYJHZlcnNpb25YJG9iamVjdHNZJGFyY2hpdmVyVCR0b3ASAAGGoKgHCBMUFRYaIVUkbnVsbNMJCgsMDxJXTlMua2V5c1pOUy5vYmplY3RzViRjbGFzc6INDoACgAOiEBGABIAFgAdccmVsYXRpdmVQYXRoWWFsaWFzRGF0YV8QHS4uLy4uL0Rvd25sb2Fkcy9wNDQ0LWthdHMucGRm0hcLGBlXTlMuZGF0YU8RAY4AAAAAAY4AAgAADE1hY2ludG9zaCBIRAAAAAAAAAAAAAAAAAAAAM52AKBIKwAAAAbqfw1wNDQ0LWthdHMucGRmAAAAAAAAAAAAAAAAAAAAAAAAAAAAAAAAAAAAAAAAAAAAAAAAAAAAAAAAAAAAAAAAAAAAaHEPzvT90wAAAAAAAAAAAAIAAgAACSAAAAAAAAAAAAAAAAAAAAAJRG93bmxvYWRzAAAQAAgAAM515IAAAAARAAgAAM7078MAAAABAAwABup/AAbqfAACZJEAAgA9TWFjaW50b3NoIEhEOlVzZXJzOgBkb21pbmlrcGV1c2NoZXI6AERvd25sb2FkczoAcDQ0NC1rYXRzLnBkZgAADgAcAA0AcAA0ADQANAAtAGsAYQB0AHMALgBwAGQAZgAPABoADABNAGEAYwBpAG4AdABvAHMAaAAgAEgARAASAC1Vc2Vycy9kb21pbmlrcGV1c2NoZXIvRG93bmxvYWRzL3A0NDQta2F0cy5wZGYAABMAAS8AABUAAgAW//8AAIAG0hscHR5aJGNsYXNzbmFtZVgkY2xhc3Nlc11OU011dGFibGVEYXRhox0fIFZOU0RhdGFYTlNPYmplY3TSGxwiI1xOU0RpY3Rpb25hcnmiIiBfEA9OU0tleWVkQXJjaGl2ZXLRJidUcm9vdIABAAgAEQAaACMALQAyADcAQABGAE0AVQBgAGcAagBsAG4AcQBzAHUAdwCEAI4ArgCzALsCTQJPAlQCXwJoAnYCegKBAooCjwKcAp8CsQK0ArkAAAAAAAACAQAAAAAAAAAoAAAAAAAAAAAAAAAAAAACuw==}}

@article{Geer-Eclipse-2005,
	Author = {David Geer},
	Date-Added = {2014-01-10 00:20:12 +0000},
	Date-Modified = {2014-01-10 00:20:48 +0000},
	Journal = {Computer},
	Title = {Eclipse Becomes the Dominant Java IDE},
	Year = {2005},
	Bdsk-File-1 = {YnBsaXN0MDDUAQIDBAUGJCVYJHZlcnNpb25YJG9iamVjdHNZJGFyY2hpdmVyVCR0b3ASAAGGoKgHCBMUFRYaIVUkbnVsbNMJCgsMDxJXTlMua2V5c1pOUy5vYmplY3RzViRjbGFzc6INDoACgAOiEBGABIAFgAdccmVsYXRpdmVQYXRoWWFsaWFzRGF0YV8QGS4uLy4uL0Rvd25sb2Fkcy9yNzAxNi5wZGbSFwsYGVdOUy5kYXRhTxEBfgAAAAABfgACAAAMTWFjaW50b3NoIEhEAAAAAAAAAAAAAAAAAAAAznYAoEgrAAAABup/CXI3MDE2LnBkZgAAAAAAAAAAAAAAAAAAAAAAAAAAAAAAAAAAAAAAAAAAAAAAAAAAAAAAAAAAAAAAAAAAAAAAAABobJnO9PsmAAAAAAAAAAAAAgACAAAJIAAAAAAAAAAAAAAAAAAAAAlEb3dubG9hZHMAABAACAAAznXkgAAAABEACAAAzvTtFgAAAAEADAAG6n8ABup8AAJkkQACADlNYWNpbnRvc2ggSEQ6VXNlcnM6AGRvbWluaWtwZXVzY2hlcjoARG93bmxvYWRzOgByNzAxNi5wZGYAAA4AFAAJAHIANwAwADEANgAuAHAAZABmAA8AGgAMAE0AYQBjAGkAbgB0AG8AcwBoACAASABEABIAKVVzZXJzL2RvbWluaWtwZXVzY2hlci9Eb3dubG9hZHMvcjcwMTYucGRmAAATAAEvAAAVAAIAFv//AACABtIbHB0eWiRjbGFzc25hbWVYJGNsYXNzZXNdTlNNdXRhYmxlRGF0YaMdHyBWTlNEYXRhWE5TT2JqZWN00hscIiNcTlNEaWN0aW9uYXJ5oiIgXxAPTlNLZXllZEFyY2hpdmVy0SYnVHJvb3SAAQAIABEAGgAjAC0AMgA3AEAARgBNAFUAYABnAGoAbABuAHEAcwB1AHcAhACOAKoArwC3AjkCOwJAAksCVAJiAmYCbQJ2AnsCiAKLAp0CoAKlAAAAAAAAAgEAAAAAAAAAKAAAAAAAAAAAAAAAAAAAAqc=}}

@inproceedings{Bracha-Mixin-1990,
	Author = {Gilad Bracha, William Cook},
	Booktitle = {Proc. Ann. ACM SIGPLAN Conf. Object-Oriented Programming, Systems, Languages, and Applications},
	Date-Added = {2014-01-09 13:38:51 +0000},
	Date-Modified = {2014-01-09 13:40:56 +0000},
	Title = {Mixin-based Inheritance},
	Year = {1990},
	Bdsk-File-1 = {YnBsaXN0MDDUAQIDBAUGJCVYJHZlcnNpb25YJG9iamVjdHNZJGFyY2hpdmVyVCR0b3ASAAGGoKgHCBMUFRYaIVUkbnVsbNMJCgsMDxJXTlMua2V5c1pOUy5vYmplY3RzViRjbGFzc6INDoACgAOiEBGABIAFgAdccmVsYXRpdmVQYXRoWWFsaWFzRGF0YV8QHi4uLy4uL0Rvd25sb2Fkcy9kb3dubG9hZC0zLnBkZtIXCxgZV05TLmRhdGFPEQGQAAAAAAGQAAIAAAxNYWNpbnRvc2ggSEQAAAAAAAAAAAAAAAAAAADOdgCgSCsAAAAG6n8OZG93bmxvYWQtMy5wZGYAAAAAAAAAAAAAAAAAAAAAAAAAAAAAAAAAAAAAAAAAAAAAAAAAAAAAAAAAAAAAAAAAAGwaLM767V4AAAAAAAAAAAACAAIAAAkgAAAAAAAAAAAAAAAAAAAACURvd25sb2FkcwAAEAAIAADOdeSAAAAAEQAIAADO+t9OAAAAAQAMAAbqfwAG6nwAAmSRAAIAPk1hY2ludG9zaCBIRDpVc2VyczoAZG9taW5pa3BldXNjaGVyOgBEb3dubG9hZHM6AGRvd25sb2FkLTMucGRmAA4AHgAOAGQAbwB3AG4AbABvAGEAZAAtADMALgBwAGQAZgAPABoADABNAGEAYwBpAG4AdABvAHMAaAAgAEgARAASAC5Vc2Vycy9kb21pbmlrcGV1c2NoZXIvRG93bmxvYWRzL2Rvd25sb2FkLTMucGRmABMAAS8AABUAAgAW//8AAIAG0hscHR5aJGNsYXNzbmFtZVgkY2xhc3Nlc11OU011dGFibGVEYXRhox0fIFZOU0RhdGFYTlNPYmplY3TSGxwiI1xOU0RpY3Rpb25hcnmiIiBfEA9OU0tleWVkQXJjaGl2ZXLRJidUcm9vdIABAAgAEQAaACMALQAyADcAQABGAE0AVQBgAGcAagBsAG4AcQBzAHUAdwCEAI4ArwC0ALwCUAJSAlcCYgJrAnkCfQKEAo0CkgKfAqICtAK3ArwAAAAAAAACAQAAAAAAAAAoAAAAAAAAAAAAAAAAAAACvg==}}

@article{Tempero-Multiple-2000,
	Author = {Ewan Tempero and Robert Biddle},
	Date-Added = {2014-01-09 13:22:10 +0000},
	Date-Modified = {2014-01-09 13:23:53 +0000},
	Journal = {Journal of Systems and Software},
	Number = {1},
	Pages = {87 - 100},
	Title = {Simulating multiple inheritance in Java},
	Volume = {55},
	Year = {2000},
	Bdsk-File-1 = {YnBsaXN0MDDUAQIDBAUGJCVYJHZlcnNpb25YJG9iamVjdHNZJGFyY2hpdmVyVCR0b3ASAAGGoKgHCBMUFRYaIVUkbnVsbNMJCgsMDxJXTlMua2V5c1pOUy5vYmplY3RzViRjbGFzc6INDoACgAOiEBGABIAFgAdccmVsYXRpdmVQYXRoWWFsaWFzRGF0YV8QMS4uLy4uL0Rvd25sb2Fkcy8xLXMyLjAtUzAxNjQxMjEyMDAwMDA2MTMtbWFpbi5wZGbSFwsYGVdOUy5kYXRhTxEB3AAAAAAB3AACAAAMTWFjaW50b3NoIEhEAAAAAAAAAAAAAAAAAAAAznYAoEgrAAAABup/HzEtczIuMC1TMDE2NDEyMTIwMDAwIzY3N0NDNi5wZGYAAAAAAAAAAAAAAAAAAAAAAAAAAAAAAAAAAAAAAAAAAABnfMbO9GFNAAAAAAAAAAAAAgACAAAJIAAAAAAAAAAAAAAAAAAAAAlEb3dubG9hZHMAABAACAAAznXkgAAAABEACAAAzvRTPQAAAAEADAAG6n8ABup8AAJkkQACAE9NYWNpbnRvc2ggSEQ6VXNlcnM6AGRvbWluaWtwZXVzY2hlcjoARG93bmxvYWRzOgAxLXMyLjAtUzAxNjQxMjEyMDAwMCM2NzdDQzYucGRmAAAOAEQAIQAxAC0AcwAyAC4AMAAtAFMAMAAxADYANAAxADIAMQAyADAAMAAwADAAMAA2ADEAMwAtAG0AYQBpAG4ALgBwAGQAZgAPABoADABNAGEAYwBpAG4AdABvAHMAaAAgAEgARAASAEFVc2Vycy9kb21pbmlrcGV1c2NoZXIvRG93bmxvYWRzLzEtczIuMC1TMDE2NDEyMTIwMDAwMDYxMy1tYWluLnBkZgAAEwABLwAAFQACABb//wAAgAbSGxwdHlokY2xhc3NuYW1lWCRjbGFzc2VzXU5TTXV0YWJsZURhdGGjHR8gVk5TRGF0YVhOU09iamVjdNIbHCIjXE5TRGljdGlvbmFyeaIiIF8QD05TS2V5ZWRBcmNoaXZlctEmJ1Ryb290gAEACAARABoAIwAtADIANwBAAEYATQBVAGAAZwBqAGwAbgBxAHMAdQB3AIQAjgDCAMcAzwKvArECtgLBAsoC2ALcAuMC7ALxAv4DAQMTAxYDGwAAAAAAAAIBAAAAAAAAACgAAAAAAAAAAAAAAAAAAAMd}}

@inproceedings{Ostermann-Delegation-2002,
	Author = {Klaus Ostermann},
	Booktitle = {ECOOP '02},
	Date-Added = {2014-01-09 12:56:47 +0000},
	Date-Modified = {2014-01-09 12:58:00 +0000},
	Title = {Dynamically Composable Collaborations with Delegation Layers},
	Year = {2002},
	Bdsk-File-1 = {YnBsaXN0MDDUAQIDBAUGJCVYJHZlcnNpb25YJG9iamVjdHNZJGFyY2hpdmVyVCR0b3ASAAGGoKgHCBMUFRYaIVUkbnVsbNMJCgsMDxJXTlMua2V5c1pOUy5vYmplY3RzViRjbGFzc6INDoACgAOiEBGABIAFgAdccmVsYXRpdmVQYXRoWWFsaWFzRGF0YV8QJi4uLy4uL0Rvd25sb2Fkcy9lY29vcDAyX2RlbGdsYXllcnMucGRm0hcLGBlXTlMuZGF0YU8RAbAAAAAAAbAAAgAADE1hY2ludG9zaCBIRAAAAAAAAAAAAAAAAAAAAM52AKBIKwAAAAbqfxZlY29vcDAyX2RlbGdsYXllcnMucGRmAAAAAAAAAAAAAAAAAAAAAAAAAAAAAAAAAAAAAAAAAAAAAAAAAAAAAAAAZ3fEzvRbCgAAAAAAAAAAAAIAAgAACSAAAAAAAAAAAAAAAAAAAAAJRG93bmxvYWRzAAAQAAgAAM515IAAAAARAAgAAM70TPoAAAABAAwABup/AAbqfAACZJEAAgBGTWFjaW50b3NoIEhEOlVzZXJzOgBkb21pbmlrcGV1c2NoZXI6AERvd25sb2FkczoAZWNvb3AwMl9kZWxnbGF5ZXJzLnBkZgAOAC4AFgBlAGMAbwBvAHAAMAAyAF8AZABlAGwAZwBsAGEAeQBlAHIAcwAuAHAAZABmAA8AGgAMAE0AYQBjAGkAbgB0AG8AcwBoACAASABEABIANlVzZXJzL2RvbWluaWtwZXVzY2hlci9Eb3dubG9hZHMvZWNvb3AwMl9kZWxnbGF5ZXJzLnBkZgATAAEvAAAVAAIAFv//AACABtIbHB0eWiRjbGFzc25hbWVYJGNsYXNzZXNdTlNNdXRhYmxlRGF0YaMdHyBWTlNEYXRhWE5TT2JqZWN00hscIiNcTlNEaWN0aW9uYXJ5oiIgXxAPTlNLZXllZEFyY2hpdmVy0SYnVHJvb3SAAQAIABEAGgAjAC0AMgA3AEAARgBNAFUAYABnAGoAbABuAHEAcwB1AHcAhACOALcAvADEAngCegJ/AooCkwKhAqUCrAK1AroCxwLKAtwC3wLkAAAAAAAAAgEAAAAAAAAAKAAAAAAAAAAAAAAAAAAAAuY=}}

@inproceedings{Gof-Design-1993,
	Author = {Erich Gamma and Richard Helm and Ralph Johnson and John Vlissides},
	Booktitle = {ECOOP '93},
	Date-Added = {2014-01-07 19:00:56 +0000},
	Date-Modified = {2014-01-07 19:03:58 +0000},
	Publisher = {Springer-Verlag},
	Title = {Design Patterns: Abstraction and Reuse of Object-Oriented Design},
	Year = {1993},
	Bdsk-File-1 = {YnBsaXN0MDDUAQIDBAUGJCVYJHZlcnNpb25YJG9iamVjdHNZJGFyY2hpdmVyVCR0b3ASAAGGoKgHCBMUFRYaIVUkbnVsbNMJCgsMDxJXTlMua2V5c1pOUy5vYmplY3RzViRjbGFzc6INDoACgAOiEBGABIAFgAdccmVsYXRpdmVQYXRoWWFsaWFzRGF0YV8QKC4uLy4uL0Rvd25sb2Fkcy9Hb0YgLSBEZXNpZ25QYXR0ZXJucy5wZGbSFwsYGVdOUy5kYXRhTxEBuAAAAAABuAACAAAMTWFjaW50b3NoIEhEAAAAAAAAAAAAAAAAAAAAznYAoEgrAAAABup/GEdvRiAtIERlc2lnblBhdHRlcm5zLnBkZgAAAAAAAAAAAAAAAAAAAAAAAAAAAAAAAAAAAAAAAAAAAAAAAAAAAABnB5fLQEzcAAAAAAAAAAAAAgACAAAJIAAAAAAAAAAAAAAAAAAAAAlEb3dubG9hZHMAABAACAAAznXkgAAAABEACAAAy0A+zAAAAAEADAAG6n8ABup8AAJkkQACAEhNYWNpbnRvc2ggSEQ6VXNlcnM6AGRvbWluaWtwZXVzY2hlcjoARG93bmxvYWRzOgBHb0YgLSBEZXNpZ25QYXR0ZXJucy5wZGYADgAyABgARwBvAEYAIAAtACAARABlAHMAaQBnAG4AUABhAHQAdABlAHIAbgBzAC4AcABkAGYADwAaAAwATQBhAGMAaQBuAHQAbwBzAGgAIABIAEQAEgA4VXNlcnMvZG9taW5pa3BldXNjaGVyL0Rvd25sb2Fkcy9Hb0YgLSBEZXNpZ25QYXR0ZXJucy5wZGYAEwABLwAAFQACABb//wAAgAbSGxwdHlokY2xhc3NuYW1lWCRjbGFzc2VzXU5TTXV0YWJsZURhdGGjHR8gVk5TRGF0YVhOU09iamVjdNIbHCIjXE5TRGljdGlvbmFyeaIiIF8QD05TS2V5ZWRBcmNoaXZlctEmJ1Ryb290gAEACAARABoAIwAtADIANwBAAEYATQBVAGAAZwBqAGwAbgBxAHMAdQB3AIQAjgC5AL4AxgKCAoQCiQKUAp0CqwKvArYCvwLEAtEC1ALmAukC7gAAAAAAAAIBAAAAAAAAACgAAAAAAAAAAAAAAAAAAALw}}

@inproceedings{Green-Cognitive-1996,
	Author = {T. R. G. Green, M. Petre},
	Booktitle = {Journal of Visual Languages and Computing},
	Date-Added = {2014-01-07 13:08:26 +0000},
	Date-Modified = {2014-01-07 13:10:04 +0000},
	Title = {Usability Analysis of Visual Programming Environments: a `cognitive dimensions' framework},
	Year = {1996},
	Bdsk-File-1 = {YnBsaXN0MDDUAQIDBAUGJCVYJHZlcnNpb25YJG9iamVjdHNZJGFyY2hpdmVyVCR0b3ASAAGGoKgHCBMUFRYaIVUkbnVsbNMJCgsMDxJXTlMua2V5c1pOUy5vYmplY3RzViRjbGFzc6INDoACgAOiEBGABIAFgAdccmVsYXRpdmVQYXRoWWFsaWFzRGF0YV8QJC4uLy4uL0RvY3VtZW50cy9ncmVlbjk2dXNhYmlsaXR5LnBkZtIXCxgZV05TLmRhdGFPEQGoAAAAAAGoAAIAAAxNYWNpbnRvc2ggSEQAAAAAAAAAAAAAAAAAAADOdgCgSCsAAAAG6n0UZ3JlZW45NnVzYWJpbGl0eS5wZGYAAAAAAAAAAAAAAAAAAAAAAAAAAAAAAAAAAAAAAAAAAAAAAAAAAAAAAAAAAEqcRM634BYAAAAAAAAAAAACAAIAAAkgAAAAAAAAAAAAAAAAAAAACURvY3VtZW50cwAAEAAIAADOdeSAAAAAEQAIAADOt9IGAAAAAQAMAAbqfQAG6nwAAmSRAAIARE1hY2ludG9zaCBIRDpVc2VyczoAZG9taW5pa3BldXNjaGVyOgBEb2N1bWVudHM6AGdyZWVuOTZ1c2FiaWxpdHkucGRmAA4AKgAUAGcAcgBlAGUAbgA5ADYAdQBzAGEAYgBpAGwAaQB0AHkALgBwAGQAZgAPABoADABNAGEAYwBpAG4AdABvAHMAaAAgAEgARAASADRVc2Vycy9kb21pbmlrcGV1c2NoZXIvRG9jdW1lbnRzL2dyZWVuOTZ1c2FiaWxpdHkucGRmABMAAS8AABUAAgAW//8AAIAG0hscHR5aJGNsYXNzbmFtZVgkY2xhc3Nlc11OU011dGFibGVEYXRhox0fIFZOU0RhdGFYTlNPYmplY3TSGxwiI1xOU0RpY3Rpb25hcnmiIiBfEA9OU0tleWVkQXJjaGl2ZXLRJidUcm9vdIABAAgAEQAaACMALQAyADcAQABGAE0AVQBgAGcAagBsAG4AcQBzAHUAdwCEAI4AtQC6AMICbgJwAnUCgAKJApcCmwKiAqsCsAK9AsAC0gLVAtoAAAAAAAACAQAAAAAAAAAoAAAAAAAAAAAAAAAAAAAC3A==}}

@techreport{Odersky-Expression-2005,
	Annote = {\verb@http://homepages.inf.ed.ac.uk/wadler/fool@},
	Author = {Martin Odersky, Matthias Zenger},
	Booktitle = {Proc. FOOL '05},
	Date-Added = {2014-01-07 12:23:23 +0000},
	Date-Modified = {2014-01-15 19:35:46 +0000},
	Institution = {{\'E}cole Polytechnique F{\'e}d{\'e}rale de Lausanne INR Ecublens, 1015 Lausanne, Switzerland},
	Month = {jan},
	Title = {Independently Extensible Solutions to the Expression Problem},
	Year = {2005},
	Bdsk-File-1 = {YnBsaXN0MDDUAQIDBAUGJCVYJHZlcnNpb25YJG9iamVjdHNZJGFyY2hpdmVyVCR0b3ASAAGGoKgHCBMUFRYaIVUkbnVsbNMJCgsMDxJXTlMua2V5c1pOUy5vYmplY3RzViRjbGFzc6INDoACgAOiEBGABIAFgAdccmVsYXRpdmVQYXRoWWFsaWFzRGF0YV8QKS4uLy4uL0Rvd25sb2Fkcy9JQ19URUNIX1JFUE9SVF8yMDA0MzMucGRm0hcLGBlXTlMuZGF0YU8RAb4AAAAAAb4AAgAADE1hY2ludG9zaCBIRAAAAAAAAAAAAAAAAAAAAM52AKBIKwAAAAbqfxlJQ19URUNIX1JFUE9SVF8yMDA0MzMucGRmAAAAAAAAAAAAAAAAAAAAAAAAAAAAAAAAAAAAAAAAAAAAAAAAAAAAZyHfzvL4nQAAAAAAAAAAAAIAAgAACSAAAAAAAAAAAAAAAAAAAAAJRG93bmxvYWRzAAAQAAgAAM515IAAAAARAAgAAM7y6o0AAAABAAwABup/AAbqfAACZJEAAgBJTWFjaW50b3NoIEhEOlVzZXJzOgBkb21pbmlrcGV1c2NoZXI6AERvd25sb2FkczoASUNfVEVDSF9SRVBPUlRfMjAwNDMzLnBkZgAADgA0ABkASQBDAF8AVABFAEMASABfAFIARQBQAE8AUgBUAF8AMgAwADAANAAzADMALgBwAGQAZgAPABoADABNAGEAYwBpAG4AdABvAHMAaAAgAEgARAASADlVc2Vycy9kb21pbmlrcGV1c2NoZXIvRG93bmxvYWRzL0lDX1RFQ0hfUkVQT1JUXzIwMDQzMy5wZGYAABMAAS8AABUAAgAW//8AAIAG0hscHR5aJGNsYXNzbmFtZVgkY2xhc3Nlc11OU011dGFibGVEYXRhox0fIFZOU0RhdGFYTlNPYmplY3TSGxwiI1xOU0RpY3Rpb25hcnmiIiBfEA9OU0tleWVkQXJjaGl2ZXLRJidUcm9vdIABAAgAEQAaACMALQAyADcAQABGAE0AVQBgAGcAagBsAG4AcQBzAHUAdwCEAI4AugC/AMcCiQKLApACmwKkArICtgK9AsYCywLYAtsC7QLwAvUAAAAAAAACAQAAAAAAAAAoAAAAAAAAAAAAAAAAAAAC9w==}}

@article{Raadt-Language-2002,
	Author = {Michael de Raadt, Richard Watson, Mark Toleman},
	Date-Added = {2014-01-07 12:09:36 +0000},
	Date-Modified = {2014-01-07 12:13:07 +0000},
	Institution = {University of Southern Queensland, Australia},
	Title = {Language Trends in Introductory Programming Courses},
	Year = {2002},
	Bdsk-File-1 = {YnBsaXN0MDDUAQIDBAUGJCVYJHZlcnNpb25YJG9iamVjdHNZJGFyY2hpdmVyVCR0b3ASAAGGoKgHCBMUFRYaIVUkbnVsbNMJCgsMDxJXTlMua2V5c1pOUy5vYmplY3RzViRjbGFzc6INDoACgAOiEBGABIAFgAdccmVsYXRpdmVQYXRoWWFsaWFzRGF0YV8QIS4uLy4uL0Rvd25sb2Fkcy9zYy1tYy0wMjA1LnBzLnBkZtIXCxgZV05TLmRhdGFPEQGeAAAAAAGeAAIAAAxNYWNpbnRvc2ggSEQAAAAAAAAAAAAAAAAAAADOdgCgSCsAAAAG6n8Rc2MtbWMtMDIwNS5wcy5wZGYAAAAAAAAAAAAAAAAAAAAAAAAAAAAAAAAAAAAAAAAAAAAAAAAAAAAAAAAAAAAAAGcCEM7yC6wAAAAAAAAAAAACAAIAAAkgAAAAAAAAAAAAAAAAAAAACURvd25sb2FkcwAAEAAIAADOdeSAAAAAEQAIAADO8f2cAAAAAQAMAAbqfwAG6nwAAmSRAAIAQU1hY2ludG9zaCBIRDpVc2VyczoAZG9taW5pa3BldXNjaGVyOgBEb3dubG9hZHM6AHNjLW1jLTAyMDUucHMucGRmAAAOACQAEQBzAGMALQBtAGMALQAwADIAMAA1AC4AcABzAC4AcABkAGYADwAaAAwATQBhAGMAaQBuAHQAbwBzAGgAIABIAEQAEgAxVXNlcnMvZG9taW5pa3BldXNjaGVyL0Rvd25sb2Fkcy9zYy1tYy0wMjA1LnBzLnBkZgAAEwABLwAAFQACABb//wAAgAbSGxwdHlokY2xhc3NuYW1lWCRjbGFzc2VzXU5TTXV0YWJsZURhdGGjHR8gVk5TRGF0YVhOU09iamVjdNIbHCIjXE5TRGljdGlvbmFyeaIiIF8QD05TS2V5ZWRBcmNoaXZlctEmJ1Ryb290gAEACAARABoAIwAtADIANwBAAEYATQBVAGAAZwBqAGwAbgBxAHMAdQB3AIQAjgCyALcAvwJhAmMCaAJzAnwCigKOApUCngKjArACswLFAsgCzQAAAAAAAAIBAAAAAAAAACgAAAAAAAAAAAAAAAAAAALP}}

@inproceedings{Erdweg-SugarJ-2011,
	Author = {Sebastian Erdweg, Tillmann Rendel, Christian K{\"a}stner, Klaus Ostermann},
	Booktitle = {Proceedings of Conference on Object-Oriented Programming, Systems, Languages, and Applications (OOPSLA),},
	Date-Added = {2014-01-07 11:19:00 +0000},
	Date-Modified = {2014-01-07 11:23:19 +0000},
	Title = {SugarJ: Library-based Syntactic Language Extensibility},
	Year = {2011},
	Bdsk-File-1 = {YnBsaXN0MDDUAQIDBAUGJCVYJHZlcnNpb25YJG9iamVjdHNZJGFyY2hpdmVyVCR0b3ASAAGGoKgHCBMUFRYaIVUkbnVsbNMJCgsMDxJXTlMua2V5c1pOUy5vYmplY3RzViRjbGFzc6INDoACgAOiEBGABIAFgAdccmVsYXRpdmVQYXRoWWFsaWFzRGF0YV8QGi4uLy4uL0Rvd25sb2Fkcy9zdWdhcmoucGRm0hcLGBlXTlMuZGF0YU8RAYAAAAAAAYAAAgAADE1hY2ludG9zaCBIRAAAAAAAAAAAAAAAAAAAAM52AKBIKwAAAAbqfwpzdWdhcmoucGRmAAAAAAAAAAAAAAAAAAAAAAAAAAAAAAAAAAAAAAAAAAAAAAAAAAAAAAAAAAAAAAAAAAAAAAAAaQ8OzvcDBwAAAAAAAAAAAAIAAgAACSAAAAAAAAAAAAAAAAAAAAAJRG93bmxvYWRzAAAQAAgAAM515IAAAAARAAgAAM729PcAAAABAAwABup/AAbqfAACZJEAAgA6TWFjaW50b3NoIEhEOlVzZXJzOgBkb21pbmlrcGV1c2NoZXI6AERvd25sb2FkczoAc3VnYXJqLnBkZgAOABYACgBzAHUAZwBhAHIAagAuAHAAZABmAA8AGgAMAE0AYQBjAGkAbgB0AG8AcwBoACAASABEABIAKlVzZXJzL2RvbWluaWtwZXVzY2hlci9Eb3dubG9hZHMvc3VnYXJqLnBkZgATAAEvAAAVAAIAFv//AACABtIbHB0eWiRjbGFzc25hbWVYJGNsYXNzZXNdTlNNdXRhYmxlRGF0YaMdHyBWTlNEYXRhWE5TT2JqZWN00hscIiNcTlNEaWN0aW9uYXJ5oiIgXxAPTlNLZXllZEFyY2hpdmVy0SYnVHJvb3SAAQAIABEAGgAjAC0AMgA3AEAARgBNAFUAYABnAGoAbABuAHEAcwB1AHcAhACOAKsAsAC4AjwCPgJDAk4CVwJlAmkCcAJ5An4CiwKOAqACowKoAAAAAAAAAgEAAAAAAAAAKAAAAAAAAAAAAAAAAAAAAqo=}}

@commented{Wadler-Expression-1998,
	Annote = {http://homepages.inf.ed.ac.uk/wadler/papers/expression/expression.txt},
	Author = {Philip Wadler},
	Date-Added = {2014-01-07 11:02:26 +0000},
	Date-Modified = {2014-01-07 11:11:14 +0000},
	Publisher = {Java Genericity Mailing List},
	Title = {The Expression Problem},
	Year = {1998}}

@inproceedings{Oliv-Extensibility-2012,
	Author = {Bruno C. d. S. Oliveira, William R. Cook},
	Booktitle = {ECOOP},
	Date-Added = {2014-01-06 15:46:04 +0000},
	Date-Modified = {2014-01-07 12:13:00 +0000},
	Title = {Extensibility for the Masses},
	Year = {2012},
	Bdsk-File-1 = {YnBsaXN0MDDUAQIDBAUGJCVYJHZlcnNpb25YJG9iamVjdHNZJGFyY2hpdmVyVCR0b3ASAAGGoKgHCBMUFRYaIVUkbnVsbNMJCgsMDxJXTlMua2V5c1pOUy5vYmplY3RzViRjbGFzc6INDoACgAOiEBGABIAFgAdccmVsYXRpdmVQYXRoWWFsaWFzRGF0YV8QHS4uLy4uL0RvY3VtZW50cy9lY29vcDIwMTIucGRm0hcLGBlXTlMuZGF0YU8RAY4AAAAAAY4AAgAADE1hY2ludG9zaCBIRAAAAAAAAAAAAAAAAAAAAM52AKBIKwAAAAbqfQ1lY29vcDIwMTIucGRmAAAAAAAAAAAAAAAAAAAAAAAAAAAAAAAAAAAAAAAAAAAAAAAAAAAAAAAAAAAAAAAAAAAAMTf4zpwqfAAAAAAAAAAAAAIAAgAACSAAAAAAAAAAAAAAAAAAAAAJRG9jdW1lbnRzAAAQAAgAAM515IAAAAARAAgAAM6cHGwAAAABAAwABup9AAbqfAACZJEAAgA9TWFjaW50b3NoIEhEOlVzZXJzOgBkb21pbmlrcGV1c2NoZXI6AERvY3VtZW50czoAZWNvb3AyMDEyLnBkZgAADgAcAA0AZQBjAG8AbwBwADIAMAAxADIALgBwAGQAZgAPABoADABNAGEAYwBpAG4AdABvAHMAaAAgAEgARAASAC1Vc2Vycy9kb21pbmlrcGV1c2NoZXIvRG9jdW1lbnRzL2Vjb29wMjAxMi5wZGYAABMAAS8AABUAAgAW//8AAIAG0hscHR5aJGNsYXNzbmFtZVgkY2xhc3Nlc11OU011dGFibGVEYXRhox0fIFZOU0RhdGFYTlNPYmplY3TSGxwiI1xOU0RpY3Rpb25hcnmiIiBfEA9OU0tleWVkQXJjaGl2ZXLRJidUcm9vdIABAAgAEQAaACMALQAyADcAQABGAE0AVQBgAGcAagBsAG4AcQBzAHUAdwCEAI4ArgCzALsCTQJPAlQCXwJoAnYCegKBAooCjwKcAp8CsQK0ArkAAAAAAAACAQAAAAAAAAAoAAAAAAAAAAAAAAAAAAACuw==}}
